<?xml version="1.0" encoding="UTF-8"?><collection xmlns="http://www.loc.gov/MARC21/slim"><record><leader>00545nam--2200169-u-4500</leader><controlfield tag="001">000054583</controlfield><controlfield tag="002">20161230</controlfield><controlfield tag="005">20161230201051</controlfield><controlfield tag="008">120314s1000------------r-----000-0-eng-d</controlfield><datafield ind1=" " ind2=" " tag="040"><subfield code="a">IFIN-HH</subfield></datafield><datafield ind1=" " ind2=" " tag="080"><subfield code="a">539.073.3(061.3)</subfield></datafield><datafield ind1="1" ind2=" " tag="100"><subfield code="a">Sekilin, R.L</subfield></datafield><datafield ind1="1" ind2="0" tag="245"><subfield code="a">Proceedings of a meeting on the application of holographic techniques to bubble chamber physics 19-20 january 1981</subfield><subfield code="c">Sekulin, r.l. (ed.)</subfield></datafield><datafield ind1=" " ind2=" " tag="260"><subfield code="a">Chilton</subfield><subfield code="b">Rutherford And Appleton Laboratories</subfield><subfield code="c">1981</subfield></datafield><datafield ind1=" " ind2=" " tag="300"><subfield code="a">292P</subfield></datafield><datafield ind1=" " ind2=" " tag="852"><subfield code="a">78941</subfield><subfield code="c">539.131</subfield></datafield><datafield ind1=" " ind2=" " tag="CAT"><subfield code="a">Sys</subfield><subfield code="c">20120314</subfield><subfield code="h">153401</subfield></datafield></record></collection>